@misc{nlab:weak_topology,
  author       = {{nLab authors}},
  title        = {weak topology},
  howpublished = {\url{https://ncatlab.org/nlab/show/weak+topology}},
  note         = {\href{https://ncatlab.org/nlab/revision/weak+topology/12}{Revision 12}},
  month        = may,
  year         = 2024
}
@book{fomenko2016homotopical,
  title     = {Homotopical topology},
  author    = {Fomenko, Anatolij Timofeevi{\v{c}} and Fuks, Dmitrij Borisovi{\v{c}}},
  volume    = {273},
  year      = {2016},
  publisher = {Springer}
}
@book{whitehead2012elements,
  title     = {Elements of homotopy theory},
  author    = {Whitehead, George W},
  volume    = {61},
  year      = {2012},
  publisher = {Springer Science \& Business Media}
}